<?xml version="1.0"?>
<collection xmlns="http://www.loc.gov/MARC21/slim" xmlns:xsi="http://www.w3.org/2001/XMLSchema-instance" xsi:schemaLocation="http://www.loc.gov/MARC21/slim http://www.loc.gov/standards/marcxml/schema/MARC21slim.xsd">
<record>
  <leader>02253nam  22005653i 4500</leader>
  <controlfield tag="005">20180315150315.0</controlfield>
  <controlfield tag="006">m        d        </controlfield>
  <controlfield tag="007">cr||n|||||||||</controlfield>
  <controlfield tag="008">160923t20172017caua    ob    001 0 eng d</controlfield>
  <controlfield tag="001">991030183259703811</controlfield>
  <datafield tag="020" ind1=" " ind2=" ">
    <subfield code="a">9781440849923</subfield>
    <subfield code="q">(set ;</subfield>
    <subfield code="q">alkaline paper)</subfield>
  </datafield>
  <datafield tag="020" ind1=" " ind2=" ">
    <subfield code="a">1440849927</subfield>
    <subfield code="q">(set ;</subfield>
    <subfield code="q">alkaline paper)</subfield>
  </datafield>
  <datafield tag="020" ind1=" " ind2=" ">
    <subfield code="a">9781440849947</subfield>
    <subfield code="q">(volume 1 ;</subfield>
    <subfield code="q">alkaline paper)</subfield>
  </datafield>
  <datafield tag="020" ind1=" " ind2=" ">
    <subfield code="a">1440849943</subfield>
    <subfield code="q">(volume 1 ;</subfield>
    <subfield code="q">alkaline paper)</subfield>
  </datafield>
  <datafield tag="020" ind1=" " ind2=" ">
    <subfield code="a">9781440849954</subfield>
    <subfield code="q">(volume 2 ;</subfield>
    <subfield code="q">alkaline paper)</subfield>
  </datafield>
  <datafield tag="020" ind1=" " ind2=" ">
    <subfield code="a">1440849951</subfield>
    <subfield code="q">(volume 2 ;</subfield>
    <subfield code="q">alkaline paper)</subfield>
  </datafield>
  <datafield tag="020" ind1=" " ind2=" ">
    <subfield code="a">9781440849930 (MyiLibrary)</subfield>
  </datafield>
  <datafield tag="020" ind1=" " ind2=" ">
    <subfield code="a">1440849935</subfield>
  </datafield>
  <datafield tag="020" ind1=" " ind2=" ">
    <subfield code="a">9781440849930</subfield>
  </datafield>
  <datafield tag="035" ind1=" " ind2=" ">
    <subfield code="a">(CaONFJC)cis36768728</subfield>
  </datafield>
  <datafield tag="037" ind1=" " ind2=" ">
    <subfield code="a">984681</subfield>
    <subfield code="b">MIL</subfield>
  </datafield>
  <datafield tag="040" ind1=" " ind2=" ">
    <subfield code="a">CaONFJC</subfield>
    <subfield code="e">rda</subfield>
    <subfield code="c">CaONFJC</subfield>
  </datafield>
  <datafield tag="043" ind1=" " ind2=" ">
    <subfield code="a">n-us---</subfield>
  </datafield>
  <datafield tag="050" ind1="0" ind2="4">
    <subfield code="a">E184.A1</subfield>
    <subfield code="b">R293 2017eb</subfield>
  </datafield>
  <datafield tag="082" ind1="0" ind2="4">
    <subfield code="a">305.800973</subfield>
    <subfield code="2">23</subfield>
  </datafield>
  <datafield tag="090" ind1=" " ind2=" ">
    <subfield code="a">E184.A1</subfield>
    <subfield code="b">R293 2017eb</subfield>
  </datafield>
  <datafield tag="245" ind1="0" ind2="0">
    <subfield code="a">Race in America</subfield>
    <subfield code="h">[electronic resource] :</subfield>
    <subfield code="b">how a pseudoscientific concept shaped human interaction /</subfield>
    <subfield code="c">Patricia Reid-Merritt, editor ; foreword by Julianne Malveaux.</subfield>
  </datafield>
  <datafield tag="264" ind1=" " ind2="1">
    <subfield code="a">Santa Barbara, California :</subfield>
    <subfield code="b">Praeger, an imprint of ABC-CLIO, LLC,</subfield>
    <subfield code="c">[2017]</subfield>
  </datafield>
  <datafield tag="264" ind1=" " ind2="4">
    <subfield code="c">&#xA9;2017</subfield>
  </datafield>
  <datafield tag="300" ind1=" " ind2=" ">
    <subfield code="a">1 online resource (2 volumes) :</subfield>
    <subfield code="b">illustrations</subfield>
  </datafield>
  <datafield tag="336" ind1=" " ind2=" ">
    <subfield code="a">text</subfield>
    <subfield code="b">txt</subfield>
    <subfield code="2">rdacontent</subfield>
  </datafield>
  <datafield tag="337" ind1=" " ind2=" ">
    <subfield code="a">computer</subfield>
    <subfield code="b">c</subfield>
    <subfield code="2">rdamedia</subfield>
  </datafield>
  <datafield tag="338" ind1=" " ind2=" ">
    <subfield code="a">online resource</subfield>
    <subfield code="b">cr</subfield>
    <subfield code="2">rdacarrier</subfield>
  </datafield>
  <datafield tag="590" ind1=" " ind2=" ">
    <subfield code="a">Access is available to the Temple Community through use of a networked computer with a Temple IP address.</subfield>
  </datafield>
  <datafield tag="504" ind1=" " ind2=" ">
    <subfield code="a">Includes bibliographical references and index.</subfield>
  </datafield>
  <datafield tag="588" ind1=" " ind2=" ">
    <subfield code="a">Description based on print version record.</subfield>
  </datafield>
  <datafield tag="650" ind1=" " ind2="0">
    <subfield code="a">Race.</subfield>
  </datafield>
  <datafield tag="650" ind1=" " ind2="0">
    <subfield code="a">Ethnicity</subfield>
    <subfield code="z">United States.</subfield>
  </datafield>
  <datafield tag="650" ind1=" " ind2="0">
    <subfield code="a">Minorities</subfield>
    <subfield code="z">United States.</subfield>
  </datafield>
  <datafield tag="650" ind1=" " ind2="0">
    <subfield code="a">Group identity</subfield>
    <subfield code="z">United States.</subfield>
  </datafield>
  <datafield tag="651" ind1=" " ind2="0">
    <subfield code="a">United States</subfield>
    <subfield code="x">Race relations</subfield>
    <subfield code="x">History.</subfield>
  </datafield>
  <datafield tag="651" ind1=" " ind2="0">
    <subfield code="a">United States</subfield>
    <subfield code="x">Ethnic relations</subfield>
    <subfield code="x">History.</subfield>
  </datafield>
  <datafield tag="655" ind1=" " ind2="7">
    <subfield code="a">Electronic books.</subfield>
    <subfield code="2">local</subfield>
  </datafield>
  <datafield tag="700" ind1="1" ind2=" ">
    <subfield code="a">Reid-Merritt, Patricia,</subfield>
    <subfield code="e">editor.</subfield>
  </datafield>
  <datafield tag="710" ind1="2" ind2=" ">
    <subfield code="a">MyiLibrary.</subfield>
  </datafield>
  <datafield tag="776" ind1="0" ind2="8">
    <subfield code="i">Print version:</subfield>
    <subfield code="z">9781440849923</subfield>
  </datafield>
  <datafield tag="856" ind1="4" ind2="0">
    <subfield code="u">http://libproxy.temple.edu/login?url=http://lib.myilibrary.com/detail.asp?id=984681</subfield>
    <subfield code="z">Connect to MyiLibrary resource.</subfield>
  </datafield>
  <datafield tag="907" ind1=" " ind2=" ">
    <subfield code="a">.b64148567</subfield>
    <subfield code="b">w    </subfield>
    <subfield code="c">-</subfield>
  </datafield>
  <datafield tag="945" ind1=" " ind2=" ">
    <subfield code="l">w    </subfield>
    <subfield code="g">1</subfield>
  </datafield>
  <datafield tag="998" ind1=" " ind2=" ">
    <subfield code="b">1</subfield>
    <subfield code="d">m</subfield>
    <subfield code="e">@</subfield>
    <subfield code="f">-</subfield>
    <subfield code="g">0</subfield>
  </datafield>
  <datafield tag="ADM" ind1=" " ind2=" ">
    <subfield code="b">2020-06-24 08:54:32</subfield>
    <subfield code="e">b64148567-01tuli_inst</subfield>
    <subfield code="d">COUTTS</subfield>
    <subfield code="f">20170209161854.0</subfield>
    <subfield code="a">2017-06-20 06:23:28</subfield>
    <subfield code="c">false</subfield>
  </datafield>
  <datafield tag="PRT" ind1=" " ind2=" ">
    <subfield code="updated">2017-11-30 19:58:30</subfield>
    <subfield code="i">61400924510003811</subfield>
    <subfield code="d">MAIN</subfield>
    <subfield code="c">MyiLibrary</subfield>
    <subfield code="created">2017-06-22 12:27:10</subfield>
    <subfield code="j">62400924500003811</subfield>
    <subfield code="a">53383592220003811</subfield>
    <subfield code="b">https://sandbox01-na.alma.exlibrisgroup.com/view/uresolver/01TULI_INST/openurl?u.ignore_date_coverage=true&amp;rft.mms_id=991030183259703811</subfield>
    <subfield code="9">Available</subfield>
    <subfield code="8">53383592220003811</subfield>
  </datafield>
</record>