
<record>
  <leader>06681nam a22009375i 4500</leader>
  <controlfield tag="001">991036741871203811</controlfield>
  <controlfield tag="005">20190708092533.0</controlfield>
  <controlfield tag="006">m|||||o||d||||||||</controlfield>
  <controlfield tag="007">cr cn|||||||||</controlfield>
  <controlfield tag="008">190708s2009    mau    fo  d z      eng d</controlfield>
  <datafield tag="020" ind1=" " ind2=" ">
    <subfield code="a">0-674-04493-2</subfield>
  </datafield>
  <datafield tag="024" ind1="7" ind2=" ">
    <subfield code="a">10.4159/9780674044937</subfield>
    <subfield code="2">doi</subfield>
  </datafield>
  <datafield tag="035" ind1=" " ind2=" ">
    <subfield code="a">(CKB)1000000000519963</subfield>
  </datafield>
  <datafield tag="035" ind1=" " ind2=" ">
    <subfield code="a">(SSID)ssj0000082266</subfield>
  </datafield>
  <datafield tag="035" ind1=" " ind2=" ">
    <subfield code="a">(PQKBManifestationID)11126094</subfield>
  </datafield>
  <datafield tag="035" ind1=" " ind2=" ">
    <subfield code="a">(PQKBTitleCode)TC0000082266</subfield>
  </datafield>
  <datafield tag="035" ind1=" " ind2=" ">
    <subfield code="a">(PQKBWorkID)10136659</subfield>
  </datafield>
  <datafield tag="035" ind1=" " ind2=" ">
    <subfield code="a">(PQKB)10291472</subfield>
  </datafield>
  <datafield tag="035" ind1=" " ind2=" ">
    <subfield code="a">(CaBNVSL)slc00229121</subfield>
  </datafield>
  <datafield tag="035" ind1=" " ind2=" ">
    <subfield code="a">(Credo)hupnewam2007</subfield>
  </datafield>
  <datafield tag="035" ind1=" " ind2=" ">
    <subfield code="a">(OCoLC)436850660</subfield>
  </datafield>
  <datafield tag="035" ind1=" " ind2=" ">
    <subfield code="a">(Credo)74023574</subfield>
  </datafield>
  <datafield tag="035" ind1=" " ind2=" ">
    <subfield code="a">(MiAaPQ)EBC3300040</subfield>
  </datafield>
  <datafield tag="035" ind1=" " ind2=" ">
    <subfield code="a">(DE-B1597)457797</subfield>
  </datafield>
  <datafield tag="035" ind1=" " ind2=" ">
    <subfield code="a">(OCoLC)1024020167</subfield>
  </datafield>
  <datafield tag="035" ind1=" " ind2=" ">
    <subfield code="a">(OCoLC)1029824222</subfield>
  </datafield>
  <datafield tag="035" ind1=" " ind2=" ">
    <subfield code="a">(OCoLC)1032677995</subfield>
  </datafield>
  <datafield tag="035" ind1=" " ind2=" ">
    <subfield code="a">(OCoLC)1037969465</subfield>
  </datafield>
  <datafield tag="035" ind1=" " ind2=" ">
    <subfield code="a">(OCoLC)1041985221</subfield>
  </datafield>
  <datafield tag="035" ind1=" " ind2=" ">
    <subfield code="a">(OCoLC)1046609251</subfield>
  </datafield>
  <datafield tag="035" ind1=" " ind2=" ">
    <subfield code="a">(OCoLC)1047032749</subfield>
  </datafield>
  <datafield tag="035" ind1=" " ind2=" ">
    <subfield code="a">(OCoLC)227206786</subfield>
  </datafield>
  <datafield tag="035" ind1=" " ind2=" ">
    <subfield code="a">(OCoLC)979967814</subfield>
  </datafield>
  <datafield tag="035" ind1=" " ind2=" ">
    <subfield code="a">(DE-B1597)9780674044937</subfield>
  </datafield>
  <datafield tag="035" ind1=" " ind2=" ">
    <subfield code="a">(EXLCZ)991000000000519963</subfield>
  </datafield>
  <datafield tag="040" ind1=" " ind2=" ">
    <subfield code="a">DE-B1597</subfield>
    <subfield code="b">eng</subfield>
    <subfield code="c">DE-B1597</subfield>
    <subfield code="e">rda</subfield>
  </datafield>
  <datafield tag="041" ind1=" " ind2=" ">
    <subfield code="a">eng</subfield>
  </datafield>
  <datafield tag="043" ind1=" " ind2=" ">
    <subfield code="a">n-us---</subfield>
  </datafield>
  <datafield tag="044" ind1=" " ind2=" ">
    <subfield code="a">mau</subfield>
    <subfield code="c">US-MA</subfield>
  </datafield>
  <datafield tag="050" ind1=" " ind2="4">
    <subfield code="a">JV6455.N49 2007eb</subfield>
  </datafield>
  <datafield tag="072" ind1=" " ind2="7">
    <subfield code="a">SOC007000</subfield>
    <subfield code="2">bisacsh</subfield>
  </datafield>
  <datafield tag="082" ind1="0" ind2="4">
    <subfield code="a">325.73</subfield>
  </datafield>
  <datafield tag="245" ind1="0" ind2="4">
    <subfield code="a">The New Americans :</subfield>
    <subfield code="b">A Guide to Immigration since 1965 /</subfield>
    <subfield code="c">Helen B. Marrow, Mary C. Waters, Reed Ueda.</subfield>
  </datafield>
  <datafield tag="263" ind1=" " ind2=" ">
    <subfield code="a">20080415080808.0</subfield>
  </datafield>
  <datafield tag="264" ind1=" " ind2="1">
    <subfield code="a">Cambridge, MA : </subfield>
    <subfield code="b">Harvard University Press, </subfield>
    <subfield code="c">[2009]</subfield>
  </datafield>
  <datafield tag="264" ind1=" " ind2="4">
    <subfield code="c">&#xA9;2007</subfield>
  </datafield>
  <datafield tag="300" ind1=" " ind2=" ">
    <subfield code="a">1 online resource (58 entries) :</subfield>
    <subfield code="b">2 images, digital files.</subfield>
  </datafield>
  <datafield tag="336" ind1=" " ind2=" ">
    <subfield code="a">text</subfield>
    <subfield code="b">txt</subfield>
  </datafield>
  <datafield tag="337" ind1=" " ind2=" ">
    <subfield code="a">computer</subfield>
    <subfield code="b">c</subfield>
  </datafield>
  <datafield tag="338" ind1=" " ind2=" ">
    <subfield code="a">online resource</subfield>
    <subfield code="b">cr</subfield>
  </datafield>
  <datafield tag="490" ind1="0" ind2=" ">
    <subfield code="a">Harvard University Press Reference Library</subfield>
  </datafield>
  <datafield tag="500" ind1=" " ind2=" ">
    <subfield code="a">Bibliographic Level Mode of Issuance: Monograph</subfield>
  </datafield>
  <datafield tag="546" ind1=" " ind2=" ">
    <subfield code="a">English</subfield>
  </datafield>
  <datafield tag="506" ind1=" " ind2=" ">
    <subfield code="a">Access restricted to authorized users and institutions.</subfield>
  </datafield>
  <datafield tag="538" ind1=" " ind2=" ">
    <subfield code="a">Mode of access: World Wide Web.</subfield>
  </datafield>
  <datafield tag="504" ind1=" " ind2=" ">
    <subfield code="a">Includes bibliographical references.</subfield>
  </datafield>
  <datafield tag="505" ind1="0" ind2="0">
    <subfield code="t">Frontmatter -- </subfield>
    <subfield code="t">Contents -- </subfield>
    <subfield code="t">Introduction / </subfield>
    <subfield code="r">Waters, Mary C. / Ueda, Reed -- </subfield>
    <subfield code="t">Immigration in Global Historical Perspective / </subfield>
    <subfield code="r">Ueda, Reed -- </subfield>
    <subfield code="t">Immigration Control Policy: Law and Implementation / </subfield>
    <subfield code="r">Zolberg, Aristide R. -- </subfield>
    <subfield code="t">Citizenship and Nationality Policy / </subfield>
    <subfield code="r">Schuck, Peter H. -- </subfield>
    <subfield code="t">Refugees / </subfield>
    <subfield code="r">Haines, David W. -- </subfield>
    <subfield code="t">Unauthorized Migration / </subfield>
    <subfield code="r">Bean, Frank D. / Lowell, B. Lindsay -- </subfield>
    <subfield code="t">Settlement Patterns in Metropolitan America / </subfield>
    <subfield code="r">Logan, John R. -- </subfield>
    <subfield code="t">Ethnic and Racial Identity / </subfield>
    <subfield code="r">Gans, Herbert J. -- </subfield>
    <subfield code="t">Intermarriage and Multiple Identities / </subfield>
    <subfield code="r">Perlmann, Joel / Waters, Mary C. -- </subfield>
    <subfield code="t">Assimilation / </subfield>
    <subfield code="r">Alba, Richard / Nee, Victor -- </subfield>
    <subfield code="t">Transforming Foreigners into Americans / </subfield>
    <subfield code="r">Waldinger, Roger -- </subfield>
    <subfield code="t">Transnationalism / </subfield>
    <subfield code="r">Morawska, Ewa -- </subfield>
    <subfield code="t">Pluralism and Group Relations / </subfield>
    <subfield code="r">Hochschild, Jennifer L. -- </subfield>
    <subfield code="t">Immigrants and the Economy / </subfield>
    <subfield code="r">Kaushal, Neeraj / Reimers, Cordelia W. / Reimers, David M. -- </subfield>
    <subfield code="t">Ethnic Politics / </subfield>
    <subfield code="r">Jones-Correa, Michael -- </subfield>
    <subfield code="t">Ethnic Media / </subfield>
    <subfield code="r">Viswanath, K. / Lee, Karen Ka-man -- </subfield>
    <subfield code="t">Religion / </subfield>
    <subfield code="r">Eck, Diana L. -- </subfield>
    <subfield code="t">Language / </subfield>
    <subfield code="r">L&#xF3;pez, David / Estrada, Vanesa -- </subfield>
    <subfield code="t">Education / </subfield>
    <subfield code="r">Su&#xE1;rez-Orozco, Carola / Su&#xE1;rez-Orozco, Marcelo -- </subfield>
    <subfield code="t">Gender and Family / </subfield>
    <subfield code="r">Pessar, Patricia R. -- </subfield>
    <subfield code="t">The Second Generation / </subfield>
    <subfield code="r">Foner, Nancy / Kasinitz, Philip -- </subfield>
    <subfield code="t">Africa: West / </subfield>
    <subfield code="r">Halter, Marilyn -- </subfield>
    <subfield code="t">Africa: East / </subfield>
    <subfield code="r">Kusow, Abdi -- </subfield>
    <subfield code="t">Africa: South Africa and Zimbabwe / </subfield>
    <subfield code="r">Marrow, Helen B. -- </subfield>
    <subfield code="t">Canada / </subfield>
    <subfield code="r">Gabaccia, Donna R. -- </subfield>
    <subfield code="t">Central America. Guatemala, Honduras, Nicaragua / </subfield>
    <subfield code="r">Chinchilla, Norma Stoltz / Hamilton, Nora -- </subfield>
    <subfield code="t">China: People's Republic of China / </subfield>
    <subfield code="r">Yin, Xiao-huang -- </subfield>
    <subfield code="t">China: Outside the People's Republic of China / </subfield>
    <subfield code="r">Holdaway, Jennifer -- </subfield>
    <subfield code="t">Colombia / </subfield>
    <subfield code="r">Guarnizo, Luis Eduardo / Espitia, Marilyn -- </subfield>
    <subfield code="t">Cuba / </subfield>
    <subfield code="r">P&#xE9;rez, Lisandro -- </subfield>
    <subfield code="t">Dominican Republic / </subfield>
    <subfield code="r">Levitt, Peggy -- </subfield>
    <subfield code="t">El Salvador / </subfield>
    <subfield code="r">Menj&#xED;var, Cecilia -- </subfield>
    <subfield code="t">Europe: Central and Southeastern. Bulgaria, Former Czechoslovakia, Hungary, Romania, Former Yugoslavia / </subfield>
    <subfield code="r">Ispa-Landa, Simone -- </subfield>
    <subfield code="t">Haiti / </subfield>
    <subfield code="r">Konczal, Lisa / Stepick, Alex -- </subfield>
    <subfield code="t">India / </subfield>
    <subfield code="r">Leonard, Karen Isaksen -- </subfield>
    <subfield code="t">Iran / </subfield>
    <subfield code="r">Bozorgmehr, Mehdi -- </subfield>
    <subfield code="t">Jamaica / </subfield>
    <subfield code="r">Vickerman, Milton -- </subfield>
    <subfield code="t">Korea / </subfield>
    <subfield code="r">Min, Pyong Gap -- </subfield>
    <subfield code="t">Mexico / </subfield>
    <subfield code="r">Camarillo, Albert M. -- </subfield>
    <subfield code="t">Middle East and North Africa / </subfield>
    <subfield code="r">Gold, Steven J. / Bozorgmehr, Mehdi -- </subfield>
    <subfield code="t">Pacific: Fiji, Tonga, Samoa / </subfield>
    <subfield code="r">Small, Cathy A. -- </subfield>
    <subfield code="t">Pacific: Japan, Australia, New Zealand / </subfield>
    <subfield code="r">Oishi, Nana -- </subfield>
    <subfield code="t">Philippines / </subfield>
    <subfield code="r">Choy, Catherine Ceniza -- </subfield>
    <subfield code="t">Poland / </subfield>
    <subfield code="r">Erdmans, Mary Patrice -- </subfield>
    <subfield code="t">Russia / </subfield>
    <subfield code="r">Gold, Steven J. -- </subfield>
    <subfield code="t">South America. Ecuador, Peru, Brazil, Argentina, Venezuela / </subfield>
    <subfield code="r">Marrow, Helen B. -- </subfield>
    <subfield code="t">South Asia. Pakistan, Bangladesh, Sri Lanka, Nepal / </subfield>
    <subfield code="r">Kibria, Nazli -- </subfield>
    <subfield code="t">Southeast Asia. Laos, Cambodia, Thailand / </subfield>
    <subfield code="r">Bankston, Carl L. / Hidalgo, Danielle Antoinette -- </subfield>
    <subfield code="t">United Kingdom / </subfield>
    <subfield code="r">Roth, Wendy D. -- </subfield>
    <subfield code="t">Vietnam / </subfield>
    <subfield code="r">Rumbaut, Rub&#xE9;n G. -- </subfield>
    <subfield code="t">West Indies. Antigua, Bahamas, Barbados, Grenada, Guadeloupe, Guyana, Martinique, St. Kitts, Trinidad / </subfield>
    <subfield code="r">Holder, Calvin B. -- </subfield>
    <subfield code="t">Appendix: Immigration and Naturalization Legislation -- </subfield>
    <subfield code="t">Acknowledgments -- </subfield>
    <subfield code="t">Contributors -- </subfield>
    <subfield code="t">Index</subfield>
  </datafield>
  <datafield tag="520" ind1=" " ind2=" ">
    <subfield code="a">The United States has always been a nation of immigrants, shaped by successive waves of new arrivals. This comprehensive guide, edited and written by an interdisciplinary group of prominent scholars, provides an authoritative account of the most recent surge of immigrants. Based on the latest U.S. Census data and scholarly research, The New Americans is an essential reference for anyone curious about the changing face of America.</subfield>
  </datafield>
  <datafield tag="588" ind1="0" ind2=" ">
    <subfield code="a">Description based on online resource; title from PDF title page (publisher's Web site, viewed 08. Jul 2019)</subfield>
  </datafield>
  <datafield tag="651" ind1=" " ind2="0">
    <subfield code="a">United States</subfield>
    <subfield code="x">Emigration and immigration</subfield>
    <subfield code="x">History</subfield>
    <subfield code="y">20th century.</subfield>
  </datafield>
  <datafield tag="651" ind1=" " ind2="0">
    <subfield code="a">United States</subfield>
    <subfield code="x">Emigration and immigration</subfield>
    <subfield code="x">Government policy.</subfield>
  </datafield>
  <datafield tag="655" ind1=" " ind2="0">
    <subfield code="a">Electronic books.</subfield>
  </datafield>
  <datafield tag="650" ind1=" " ind2="7">
    <subfield code="a">SOCIAL SCIENCE / Emigration &amp; Immigration.</subfield>
    <subfield code="2">bisacsh</subfield>
  </datafield>
  <datafield tag="710" ind1="2" ind2=" ">
    <subfield code="a">Credo Reference (Firm)</subfield>
  </datafield>
  <datafield tag="700" ind1="1" ind2=" ">
    <subfield code="a">Marrow, Helen B., </subfield>
    <subfield code="e">editor.</subfield>
  </datafield>
  <datafield tag="700" ind1="1" ind2=" ">
    <subfield code="a">Ueda, Reed, </subfield>
    <subfield code="e">editor.</subfield>
  </datafield>
  <datafield tag="700" ind1="1" ind2=" ">
    <subfield code="a">Waters, Mary C., </subfield>
    <subfield code="e">editor.</subfield>
  </datafield>
  <datafield tag="776" ind1=" " ind2=" ">
    <subfield code="z">1-84972-272-2</subfield>
  </datafield>
  <datafield tag="776" ind1=" " ind2=" ">
    <subfield code="z">0-674-02357-9</subfield>
  </datafield>
  <datafield tag="830" ind1=" " ind2="0">
    <subfield code="a">Harvard University Press reference library.</subfield>
  </datafield>
  <datafield tag="906" ind1=" " ind2=" ">
    <subfield code="a">BOOK</subfield>
  </datafield>
  <datafield tag="ADM" ind1=" " ind2=" ">
    <subfield code="b">2020-10-26 01:46:25</subfield>
    <subfield code="e">991000000000519963</subfield>
    <subfield code="d">NON_SFX</subfield>
    <subfield code="f">20080415080808.0</subfield>
    <subfield code="a">2012-02-25 22:29:21</subfield>
    <subfield code="c">false</subfield>
  </datafield>
  <datafield tag="PRT" ind1=" " ind2=" ">
    <subfield code="i">61419889170003811</subfield>
    <subfield code="updated">2018-04-18 23:54:14</subfield>
    <subfield code="e">Ebook Central</subfield>
    <subfield code="c">Ebook Central Academic Complete</subfield>
    <subfield code="created">2018-04-18 23:53:40</subfield>
    <subfield code="j">62419889160003811</subfield>
    <subfield code="a">53421241150003811</subfield>
    <subfield code="b">https://sandbox01-na.alma.exlibrisgroup.com/view/uresolver/01TULI_INST/openurl?u.ignore_date_coverage=true&amp;rft.mms_id=991036741871203811</subfield>
    <subfield code="9">Available</subfield>
    <subfield code="h">614200000000000002</subfield>
    <subfield code="8">53421241150003811</subfield>
  </datafield>
  <datafield tag="PRT" ind1=" " ind2=" ">
    <subfield code="i">61391550000003811</subfield>
    <subfield code="updated">2017-07-05 19:17:41</subfield>
    <subfield code="e">CREDOreference</subfield>
    <subfield code="c">CREDOreference Academic Core</subfield>
    <subfield code="created">2017-07-05 19:16:53</subfield>
    <subfield code="j">62391549990003811</subfield>
    <subfield code="a">53391546860003811</subfield>
    <subfield code="b">https://sandbox01-na.alma.exlibrisgroup.com/view/uresolver/01TULI_INST/openurl?u.ignore_date_coverage=true&amp;rft.mms_id=991036741871203811</subfield>
    <subfield code="9">Available</subfield>
    <subfield code="h">611000000000001535</subfield>
    <subfield code="8">53391546860003811</subfield>
  </datafield>
  <datafield tag="PRT" ind1=" " ind2=" ">
    <subfield code="i">61391921830003811</subfield>
    <subfield code="updated">2017-07-07 21:52:25</subfield>
    <subfield code="e">EBSCOhost</subfield>
    <subfield code="c">EBSCOhost Academic eBook Collection (North America)</subfield>
    <subfield code="created">2017-07-07 21:51:24</subfield>
    <subfield code="j">62391921820003811</subfield>
    <subfield code="a">53392447730003811</subfield>
    <subfield code="b">https://sandbox01-na.alma.exlibrisgroup.com/view/uresolver/01TULI_INST/openurl?u.ignore_date_coverage=true&amp;rft.mms_id=991036741871203811</subfield>
    <subfield code="9">Available</subfield>
    <subfield code="h">613640000000000029</subfield>
    <subfield code="8">53392447730003811</subfield>
  </datafield>
  <datafield tag="PRT" ind1=" " ind2=" ">
    <subfield code="i">61462386960003811</subfield>
    <subfield code="updated">2019-04-29 20:06:41</subfield>
    <subfield code="e">EBSCOhost</subfield>
    <subfield code="c">EBSCOhost Ebook Public Library Collection - North America</subfield>
    <subfield code="created">2019-04-29 20:05:35</subfield>
    <subfield code="j">62462386950003811</subfield>
    <subfield code="a">53463414780003811</subfield>
    <subfield code="b">https://sandbox01-na.alma.exlibrisgroup.com/view/uresolver/01TULI_INST/openurl?u.ignore_date_coverage=true&amp;rft.mms_id=991036741871203811</subfield>
    <subfield code="9">Available</subfield>
    <subfield code="h">614900000000000308</subfield>
    <subfield code="8">53463414780003811</subfield>
  </datafield>
</record>