
<record>
  <leader>01899nam  2200481 i 4500</leader>
  <controlfield tag="006">m     o  d |      </controlfield>
  <controlfield tag="007">cr cnu||||||||</controlfield>
  <controlfield tag="008">140804t20142014enka    ob    001 0 eng d</controlfield>
  <controlfield tag="001">991036861668103811</controlfield>
  <datafield tag="020" ind1=" " ind2=" ">
    <subfield code="a">9780123869371</subfield>
  </datafield>
  <datafield tag="020" ind1=" " ind2=" ">
    <subfield code="a">9780123869593 (Proquest Ebook Central)</subfield>
  </datafield>
  <datafield tag="020" ind1=" " ind2=" ">
    <subfield code="a">0123869595</subfield>
  </datafield>
  <datafield tag="020" ind1=" " ind2=" ">
    <subfield code="a">9780123869593</subfield>
  </datafield>
  <datafield tag="035" ind1=" " ind2=" ">
    <subfield code="a">(MiAaPQ)EBC1741071</subfield>
  </datafield>
  <datafield tag="035" ind1=" " ind2=" ">
    <subfield code="a">(OCoLC)884015335</subfield>
  </datafield>
  <datafield tag="035" ind1=" " ind2=" ">
    <subfield code="a">(CaONFJC)EBC1741071</subfield>
  </datafield>
  <datafield tag="037" ind1=" " ind2=" ">
    <subfield code="a">1741071</subfield>
    <subfield code="b">Proquest Ebook Central</subfield>
  </datafield>
  <datafield tag="040" ind1=" " ind2=" ">
    <subfield code="a">CaONFJC</subfield>
    <subfield code="e">rda</subfield>
    <subfield code="c">CaONFJC</subfield>
  </datafield>
  <datafield tag="050" ind1=" " ind2="4">
    <subfield code="a">HV5801</subfield>
    <subfield code="b">.K663 2014</subfield>
  </datafield>
  <datafield tag="082" ind1="0" ind2=" ">
    <subfield code="a">613.8</subfield>
    <subfield code="2">23</subfield>
  </datafield>
  <datafield tag="100" ind1="1" ind2=" ">
    <subfield code="a">Koob, George F.,</subfield>
    <subfield code="e">author.</subfield>
  </datafield>
  <datafield tag="245" ind1="1" ind2="0">
    <subfield code="a">Drugs, addiction, and the brain /</subfield>
    <subfield code="c">George F. Koob, Michael A. Arends, Michel Le Moal.</subfield>
  </datafield>
  <datafield tag="264" ind1=" " ind2="1">
    <subfield code="a">Oxford, England ;</subfield>
    <subfield code="a">Waltham, Massachusetts :</subfield>
    <subfield code="b">Elsevier :</subfield>
    <subfield code="b">Academic Press,</subfield>
    <subfield code="c">2014.</subfield>
  </datafield>
  <datafield tag="264" ind1=" " ind2="4">
    <subfield code="c">&#xA9;2014</subfield>
  </datafield>
  <datafield tag="300" ind1=" " ind2=" ">
    <subfield code="a">1 online resource (351 pages) :</subfield>
    <subfield code="b">illustrations, tables</subfield>
  </datafield>
  <datafield tag="336" ind1=" " ind2=" ">
    <subfield code="a">text</subfield>
    <subfield code="b">txt</subfield>
    <subfield code="2">rdacontent</subfield>
  </datafield>
  <datafield tag="337" ind1=" " ind2=" ">
    <subfield code="a">computer</subfield>
    <subfield code="b">c</subfield>
    <subfield code="2">rdamedia</subfield>
  </datafield>
  <datafield tag="338" ind1=" " ind2=" ">
    <subfield code="a">online resource</subfield>
    <subfield code="b">cr</subfield>
    <subfield code="2">rdacarrier</subfield>
  </datafield>
  <datafield tag="504" ind1=" " ind2=" ">
    <subfield code="a">Includes bibliographical references and index.</subfield>
  </datafield>
  <datafield tag="588" ind1=" " ind2=" ">
    <subfield code="a">Description based on online resource; title from PDF title page (ebrary, viewed August 4, 2014).</subfield>
  </datafield>
  <datafield tag="650" ind1=" " ind2="0">
    <subfield code="a">Drug abuse.</subfield>
  </datafield>
  <datafield tag="650" ind1=" " ind2="0">
    <subfield code="a">Drug addicts</subfield>
    <subfield code="x">Alcohol use.</subfield>
  </datafield>
  <datafield tag="650" ind1=" " ind2="0">
    <subfield code="a">Drug addicts</subfield>
    <subfield code="x">Psychology.</subfield>
  </datafield>
  <datafield tag="700" ind1="1" ind2=" ">
    <subfield code="a">Arends, Michael A.,</subfield>
    <subfield code="e">author.</subfield>
  </datafield>
  <datafield tag="700" ind1="1" ind2=" ">
    <subfield code="a">Le Moal, Michel,</subfield>
    <subfield code="e">author.</subfield>
  </datafield>
  <datafield tag="710" ind1="2" ind2=" ">
    <subfield code="a">Ebook Central.</subfield>
  </datafield>
  <datafield tag="776" ind1="0" ind2="8">
    <subfield code="i">Print version:</subfield>
    <subfield code="a">Koob, George F.</subfield>
    <subfield code="t">Drugs, addiction, and the brain.</subfield>
    <subfield code="d">Oxford, England ; Waltham, Massachusetts : Elsevier ; Academic Press, c2014 </subfield>
    <subfield code="h">viii, 342 pages </subfield>
    <subfield code="z">9780123869371</subfield>
  </datafield>
  <datafield tag="797" ind1="2" ind2=" ">
    <subfield code="a">ProQuest (Firm)</subfield>
  </datafield>
  <datafield tag="856" ind1="4" ind2="0">
    <subfield code="u">http://ebookcentral.proquest.com/lib/templeuniv-ebooks/detail.action?docID=1741071</subfield>
  </datafield>
  <datafield tag="960" ind1=" " ind2=" ">
    <subfield code="k">MAIN</subfield>
    <subfield code="g">E_BOOK</subfield>
    <subfield code="l">web</subfield>
    <subfield code="o">1</subfield>
    <subfield code="q">012218</subfield>
    <subfield code="s">179.91</subfield>
    <subfield code="u">1aetf</subfield>
    <subfield code="v">coutt</subfield>
  </datafield>
  <datafield tag="961" ind1=" " ind2=" ">
    <subfield code="f">acqrat</subfield>
    <subfield code="h">EBCUA</subfield>
    <subfield code="i">23363446</subfield>
  </datafield>
  <datafield tag="979" ind1=" " ind2=" ">
    <subfield code="a">EBC1741071</subfield>
  </datafield>
  <datafield tag="ADM" ind1=" " ind2=" ">
    <subfield code="b">2020-03-16 09:21:42</subfield>
    <subfield code="e">EBC1741071</subfield>
    <subfield code="d">COUTTS</subfield>
    <subfield code="a">2018-01-22 20:49:14</subfield>
    <subfield code="c">false</subfield>
  </datafield>
  <datafield tag="PRT" ind1=" " ind2=" ">
    <subfield code="updated">2018-01-25 14:52:50</subfield>
    <subfield code="i">61402288210003811</subfield>
    <subfield code="d">MAIN</subfield>
    <subfield code="c">Ebook Central</subfield>
    <subfield code="created">2018-01-22 20:49:45</subfield>
    <subfield code="j">62402288200003811</subfield>
    <subfield code="a">53407761770003811</subfield>
    <subfield code="b">https://sandbox01-na.alma.exlibrisgroup.com/view/uresolver/01TULI_INST/openurl?u.ignore_date_coverage=true&amp;rft.mms_id=991036861668103811</subfield>
    <subfield code="9">Available</subfield>
    <subfield code="8">53407761770003811</subfield>
  </datafield>
</record>