
<record>
  <leader>01564nam  2200469 a 4500</leader>
  <controlfield tag="006">m     o  d |      </controlfield>
  <controlfield tag="007">cr cn|||||||||</controlfield>
  <controlfield tag="008">060710s2007    nyuab   ob    001 0 eng d</controlfield>
  <controlfield tag="001">991036931931603811</controlfield>
  <datafield tag="010" ind1=" " ind2=" ">
    <subfield code="z">  2006021528</subfield>
  </datafield>
  <datafield tag="020" ind1=" " ind2=" ">
    <subfield code="a">0415771382 (hbk.)</subfield>
  </datafield>
  <datafield tag="020" ind1=" " ind2=" ">
    <subfield code="a">0415771390 (pbk.)</subfield>
  </datafield>
  <datafield tag="020" ind1=" " ind2=" ">
    <subfield code="a">9780203820780</subfield>
  </datafield>
  <datafield tag="020" ind1=" " ind2=" ">
    <subfield code="a">9780415771382 (hbk.)</subfield>
  </datafield>
  <datafield tag="020" ind1=" " ind2=" ">
    <subfield code="a">9780415771399 (pbk.)</subfield>
  </datafield>
  <datafield tag="020" ind1=" " ind2=" ">
    <subfield code="a">9781135013493 (Proquest Ebook Central)</subfield>
  </datafield>
  <datafield tag="020" ind1=" " ind2=" ">
    <subfield code="a">1135013497</subfield>
  </datafield>
  <datafield tag="020" ind1=" " ind2=" ">
    <subfield code="a">9781135013493</subfield>
  </datafield>
  <datafield tag="035" ind1=" " ind2=" ">
    <subfield code="a">(MiAaPQ)EBC1813103</subfield>
  </datafield>
  <datafield tag="035" ind1=" " ind2=" ">
    <subfield code="a">(OCoLC)893332912</subfield>
  </datafield>
  <datafield tag="035" ind1=" " ind2=" ">
    <subfield code="a">(CaONFJC)EBC1813103</subfield>
  </datafield>
  <datafield tag="037" ind1=" " ind2=" ">
    <subfield code="a">1813103</subfield>
    <subfield code="b">Proquest Ebook Central</subfield>
  </datafield>
  <datafield tag="040" ind1=" " ind2=" ">
    <subfield code="a">CaONFJC</subfield>
    <subfield code="c">CaONFJC</subfield>
  </datafield>
  <datafield tag="050" ind1=" " ind2="4">
    <subfield code="a">DT20</subfield>
    <subfield code="b">.A83 2007</subfield>
  </datafield>
  <datafield tag="082" ind1="0" ind2="4">
    <subfield code="a">960</subfield>
    <subfield code="2">22</subfield>
  </datafield>
  <datafield tag="100" ind1="1" ind2=" ">
    <subfield code="a">Asante, Molefi Kete,</subfield>
    <subfield code="d">1942-</subfield>
  </datafield>
  <datafield tag="245" ind1="1" ind2="4">
    <subfield code="a">The history of Africa</subfield>
    <subfield code="h">[electronic resource] :</subfield>
    <subfield code="b">the quest for eternal harmony /</subfield>
    <subfield code="c">Molefi Kete Asante.</subfield>
  </datafield>
  <datafield tag="250" ind1=" " ind2=" ">
    <subfield code="a">2nd ed.</subfield>
  </datafield>
  <datafield tag="260" ind1=" " ind2=" ">
    <subfield code="a">New York ;</subfield>
    <subfield code="a">London :</subfield>
    <subfield code="b">Routledge,</subfield>
    <subfield code="c">2007.</subfield>
  </datafield>
  <datafield tag="300" ind1=" " ind2=" ">
    <subfield code="a">xiii, 397 p. :</subfield>
    <subfield code="b">ill., maps.</subfield>
  </datafield>
  <datafield tag="336" ind1=" " ind2=" ">
    <subfield code="a">text</subfield>
    <subfield code="b">txt</subfield>
    <subfield code="2">rdacontent</subfield>
  </datafield>
  <datafield tag="337" ind1=" " ind2=" ">
    <subfield code="a">computer</subfield>
    <subfield code="b">c</subfield>
    <subfield code="2">rdamedia</subfield>
  </datafield>
  <datafield tag="338" ind1=" " ind2=" ">
    <subfield code="a">online resource</subfield>
    <subfield code="b">cr</subfield>
    <subfield code="2">rdacarrier</subfield>
  </datafield>
  <datafield tag="504" ind1=" " ind2=" ">
    <subfield code="a">Includes bibliographical references (p. [377]-380) and index.</subfield>
  </datafield>
  <datafield tag="651" ind1=" " ind2="0">
    <subfield code="a">Africa</subfield>
    <subfield code="x">History.</subfield>
  </datafield>
  <datafield tag="651" ind1=" " ind2="0">
    <subfield code="a">Africa</subfield>
    <subfield code="x">Civilization.</subfield>
  </datafield>
  <datafield tag="710" ind1="2" ind2=" ">
    <subfield code="a">ProQuest (Firm)</subfield>
  </datafield>
  <datafield tag="710" ind1="2" ind2=" ">
    <subfield code="a">Ebook Central.</subfield>
  </datafield>
  <datafield tag="856" ind1="4" ind2="0">
    <subfield code="u">https://ebookcentral.proquest.com/lib/templeuniv-ebooks/detail.action?docID=1813103</subfield>
  </datafield>
  <datafield tag="960" ind1=" " ind2=" ">
    <subfield code="k">MAIN</subfield>
    <subfield code="g">E_BOOK</subfield>
    <subfield code="l">web</subfield>
    <subfield code="o">1</subfield>
    <subfield code="q">090618</subfield>
    <subfield code="s">297.00</subfield>
    <subfield code="u">1aetf</subfield>
    <subfield code="v">coutt</subfield>
  </datafield>
  <datafield tag="961" ind1=" " ind2=" ">
    <subfield code="f">acqrat</subfield>
    <subfield code="h">ALLOW FOR DUPLICATIONEBCNL</subfield>
    <subfield code="i">29890870</subfield>
  </datafield>
  <datafield tag="979" ind1=" " ind2=" ">
    <subfield code="a">EBC1813103</subfield>
  </datafield>
  <datafield tag="ADM" ind1=" " ind2=" ">
    <subfield code="b">2018-09-11 07:05:03</subfield>
    <subfield code="e">EBC1813103</subfield>
    <subfield code="d">COUTTS</subfield>
    <subfield code="a">2018-09-06 19:26:15</subfield>
    <subfield code="c">false</subfield>
  </datafield>
  <datafield tag="PRT" ind1=" " ind2=" ">
    <subfield code="updated">2018-09-10 14:15:47</subfield>
    <subfield code="i">61402288210003811</subfield>
    <subfield code="d">MAIN</subfield>
    <subfield code="c">Ebook Central</subfield>
    <subfield code="created">2018-09-06 19:26:37</subfield>
    <subfield code="j">62402288200003811</subfield>
    <subfield code="a">53431789920003811</subfield>
    <subfield code="b">https://sandbox01-na.alma.exlibrisgroup.com/view/uresolver/01TULI_INST/openurl?u.ignore_date_coverage=true&amp;rft.mms_id=991036931931603811</subfield>
    <subfield code="9">Available</subfield>
    <subfield code="8">53431789920003811</subfield>
  </datafield>
</record>