
<record>
  <leader>01396cam a2200397 i 4500</leader>
  <controlfield tag="008">180706r20152014enkab   o     001 0 eng d</controlfield>
  <controlfield tag="001">991036972365803811</controlfield>
  <datafield tag="020" ind1=" " ind2=" ">
    <subfield code="a">9781317507352</subfield>
    <subfield code="q">(e-book: Mobi)</subfield>
  </datafield>
  <datafield tag="020" ind1=" " ind2=" ">
    <subfield code="a">9781317507369</subfield>
    <subfield code="q">(e-book: ePub)</subfield>
  </datafield>
  <datafield tag="020" ind1=" " ind2=" ">
    <subfield code="a">9781138127487</subfield>
    <subfield code="q">(hardback)</subfield>
  </datafield>
  <datafield tag="020" ind1=" " ind2=" ">
    <subfield code="a">9780765636065</subfield>
    <subfield code="q">(paperback)</subfield>
  </datafield>
  <datafield tag="020" ind1=" " ind2=" ">
    <subfield code="a">9781315716565 (Taylor and Francis)</subfield>
  </datafield>
  <datafield tag="020" ind1=" " ind2=" ">
    <subfield code="a">1315716569</subfield>
  </datafield>
  <datafield tag="020" ind1=" " ind2=" ">
    <subfield code="a">9781315716565</subfield>
  </datafield>
  <datafield tag="035" ind1=" " ind2=" ">
    <subfield code="a">(CaONFJC)EBCYE58456</subfield>
  </datafield>
  <datafield tag="037" ind1=" " ind2=" ">
    <subfield code="a">YE58456</subfield>
    <subfield code="b">Taylor and Francis</subfield>
  </datafield>
  <datafield tag="040" ind1=" " ind2=" ">
    <subfield code="a">CaONFJC</subfield>
    <subfield code="e">rda</subfield>
    <subfield code="c">CaONFJC</subfield>
  </datafield>
  <datafield tag="050" ind1=" " ind2="4">
    <subfield code="a">HF5814</subfield>
    <subfield code="b">.J77 2015</subfield>
  </datafield>
  <datafield tag="082" ind1="0" ind2="4">
    <subfield code="a">659.072</subfield>
    <subfield code="b">J935</subfield>
  </datafield>
  <datafield tag="100" ind1="1" ind2=" ">
    <subfield code="a">Jugenheimer, Donald W.</subfield>
    <subfield code="e">author.</subfield>
  </datafield>
  <datafield tag="245" ind1="1" ind2="0">
    <subfield code="a">Advertising and public relations research /</subfield>
    <subfield code="c">Donald W. Jugenheimer. [et al.].</subfield>
  </datafield>
  <datafield tag="250" ind1=" " ind2=" ">
    <subfield code="a">Second edition.</subfield>
  </datafield>
  <datafield tag="264" ind1=" " ind2="1">
    <subfield code="a">London ;</subfield>
    <subfield code="a">New York :</subfield>
    <subfield code="b">Routledge,</subfield>
    <subfield code="c">2015.</subfield>
  </datafield>
  <datafield tag="300" ind1=" " ind2=" ">
    <subfield code="a">1 online resource (viii, 367 pages)</subfield>
  </datafield>
  <datafield tag="336" ind1=" " ind2=" ">
    <subfield code="a">text</subfield>
    <subfield code="b">txt</subfield>
    <subfield code="2">rdacontent</subfield>
  </datafield>
  <datafield tag="337" ind1=" " ind2=" ">
    <subfield code="a">computer</subfield>
    <subfield code="b">c</subfield>
    <subfield code="2">rdamedia</subfield>
  </datafield>
  <datafield tag="338" ind1=" " ind2=" ">
    <subfield code="a">online resource</subfield>
    <subfield code="b">cr</subfield>
    <subfield code="2">rdacarrier</subfield>
  </datafield>
  <datafield tag="500" ind1=" " ind2=" ">
    <subfield code="a">"First published 2014 by M.E. Sharpe"--t.p. verso.</subfield>
  </datafield>
  <datafield tag="650" ind1=" " ind2="0">
    <subfield code="a">Advertising</subfield>
    <subfield code="x">Research.</subfield>
  </datafield>
  <datafield tag="650" ind1=" " ind2="0">
    <subfield code="a">Public relations</subfield>
    <subfield code="x">Research.</subfield>
  </datafield>
  <datafield tag="700" ind1="1" ind2=" ">
    <subfield code="a">Jugenheimer, Donald W.,</subfield>
    <subfield code="e">author.</subfield>
  </datafield>
  <datafield tag="776" ind1="0" ind2="8">
    <subfield code="i">Print version: </subfield>
    <subfield code="z">9781138127487</subfield>
  </datafield>
  <datafield tag="856" ind1="4" ind2="0">
    <subfield code="u">https://www.taylorfrancis.com/books/9781315716565</subfield>
  </datafield>
  <datafield tag="960" ind1=" " ind2=" ">
    <subfield code="k">MAIN</subfield>
    <subfield code="g">E_BOOK</subfield>
    <subfield code="l">web</subfield>
    <subfield code="o">1</subfield>
    <subfield code="q">012519</subfield>
    <subfield code="s">198.00</subfield>
    <subfield code="u">1aetf</subfield>
    <subfield code="v">coutt</subfield>
  </datafield>
  <datafield tag="961" ind1=" " ind2=" ">
    <subfield code="f">acqrat</subfield>
    <subfield code="h">TAYFUA</subfield>
    <subfield code="i">31453932</subfield>
  </datafield>
  <datafield tag="979" ind1=" " ind2=" ">
    <subfield code="a">cis31453932</subfield>
  </datafield>
  <datafield tag="ADM" ind1=" " ind2=" ">
    <subfield code="b">2020-02-13 19:21:14</subfield>
    <subfield code="e">cis31453932</subfield>
    <subfield code="d">COUTTS</subfield>
    <subfield code="a">2019-01-25 15:35:00</subfield>
    <subfield code="c">false</subfield>
  </datafield>
  <datafield tag="PRT" ind1=" " ind2=" ">
    <subfield code="updated">2019-02-04 12:32:39</subfield>
    <subfield code="i">61441356970003811</subfield>
    <subfield code="d">MAIN</subfield>
    <subfield code="c">Taylor &amp; Francis Ebooks</subfield>
    <subfield code="created">2019-01-25 15:35:39</subfield>
    <subfield code="j">62441356960003811</subfield>
    <subfield code="a">53442220640003811</subfield>
    <subfield code="b">https://sandbox01-na.alma.exlibrisgroup.com/view/uresolver/01TULI_INST/openurl?u.ignore_date_coverage=true&amp;rft.mms_id=991036972365803811</subfield>
    <subfield code="9">Available</subfield>
    <subfield code="8">53442220640003811</subfield>
  </datafield>
</record>