
<record>
  <leader>02083nam  22005413i 4500</leader>
  <controlfield tag="005">20200824101707.0</controlfield>
  <controlfield tag="006">m        d        </controlfield>
  <controlfield tag="007">cr||n|||||||||</controlfield>
  <controlfield tag="008">191217t20202020nyu     ob    001 0 eng d</controlfield>
  <controlfield tag="001">991037714620603811</controlfield>
  <datafield tag="020" ind1=" " ind2=" ">
    <subfield code="a">9781620975459</subfield>
    <subfield code="q">(Hardback)</subfield>
  </datafield>
  <datafield tag="020" ind1=" " ind2=" ">
    <subfield code="a">1620975459</subfield>
    <subfield code="q">(Hardback)</subfield>
  </datafield>
  <datafield tag="020" ind1=" " ind2=" ">
    <subfield code="a">9781620971932</subfield>
    <subfield code="q">(Paperback)</subfield>
  </datafield>
  <datafield tag="020" ind1=" " ind2=" ">
    <subfield code="a">1620971933</subfield>
    <subfield code="q">(Paperback)</subfield>
  </datafield>
  <datafield tag="020" ind1=" " ind2=" ">
    <subfield code="a">9781620971949 (Proquest Ebook Central)</subfield>
  </datafield>
  <datafield tag="020" ind1=" " ind2=" ">
    <subfield code="a">1620971941</subfield>
  </datafield>
  <datafield tag="020" ind1=" " ind2=" ">
    <subfield code="a">9781620971949</subfield>
  </datafield>
  <datafield tag="035" ind1=" " ind2=" ">
    <subfield code="a">(MiAaPQ)EBC5651869</subfield>
  </datafield>
  <datafield tag="035" ind1=" " ind2=" ">
    <subfield code="a">(OCoLC)1130906008</subfield>
  </datafield>
  <datafield tag="035" ind1=" " ind2=" ">
    <subfield code="a">(CaONFJC)EBC5651869</subfield>
  </datafield>
  <datafield tag="037" ind1=" " ind2=" ">
    <subfield code="a">5651869</subfield>
    <subfield code="b">Proquest Ebook Central</subfield>
  </datafield>
  <datafield tag="040" ind1=" " ind2=" ">
    <subfield code="a">CaONFJC</subfield>
    <subfield code="e">rda</subfield>
    <subfield code="c">CaONFJC</subfield>
  </datafield>
  <datafield tag="043" ind1=" " ind2=" ">
    <subfield code="a">n-us---</subfield>
  </datafield>
  <datafield tag="050" ind1="0" ind2="4">
    <subfield code="a">HV9950</subfield>
    <subfield code="b">.A437 2020eb</subfield>
  </datafield>
  <datafield tag="082" ind1="0" ind2="4">
    <subfield code="a">364.973</subfield>
    <subfield code="2">22</subfield>
  </datafield>
  <datafield tag="100" ind1="1" ind2=" ">
    <subfield code="a">Alexander, Michelle,</subfield>
    <subfield code="e">author.</subfield>
  </datafield>
  <datafield tag="245" ind1="1" ind2="4">
    <subfield code="a">The new Jim Crow</subfield>
    <subfield code="h">[electronic resource] :</subfield>
    <subfield code="b">mass incarceration in the age of colorblindness /</subfield>
    <subfield code="c">Michelle Alexander.</subfield>
  </datafield>
  <datafield tag="246" ind1="3" ind2="0">
    <subfield code="a">Mass incarceration in the age of colorblindness</subfield>
  </datafield>
  <datafield tag="250" ind1=" " ind2=" ">
    <subfield code="a">10th anniversary edition.</subfield>
  </datafield>
  <datafield tag="264" ind1=" " ind2="1">
    <subfield code="a">New York :</subfield>
    <subfield code="b">The New Press,</subfield>
    <subfield code="c">[2020]</subfield>
  </datafield>
  <datafield tag="264" ind1=" " ind2="4">
    <subfield code="c">&#xA9;2020</subfield>
  </datafield>
  <datafield tag="300" ind1=" " ind2=" ">
    <subfield code="a">1 online resource (xlix, 377 pages)</subfield>
  </datafield>
  <datafield tag="336" ind1=" " ind2=" ">
    <subfield code="a">text</subfield>
    <subfield code="b">txt</subfield>
    <subfield code="2">rdacontent</subfield>
  </datafield>
  <datafield tag="337" ind1=" " ind2=" ">
    <subfield code="a">computer</subfield>
    <subfield code="b">c</subfield>
    <subfield code="2">rdamedia</subfield>
  </datafield>
  <datafield tag="338" ind1=" " ind2=" ">
    <subfield code="a">online resource</subfield>
    <subfield code="b">cr</subfield>
    <subfield code="2">rdacarrier</subfield>
  </datafield>
  <datafield tag="504" ind1=" " ind2=" ">
    <subfield code="a">Includes bibliographical references and index.</subfield>
  </datafield>
  <datafield tag="588" ind1=" " ind2=" ">
    <subfield code="a">Description based on print version record.</subfield>
  </datafield>
  <datafield tag="650" ind1=" " ind2="0">
    <subfield code="a">Criminal justice, Administration of</subfield>
    <subfield code="z">United States.</subfield>
  </datafield>
  <datafield tag="650" ind1=" " ind2="0">
    <subfield code="a">Discrimination in criminal justice administration</subfield>
    <subfield code="z">United States.</subfield>
  </datafield>
  <datafield tag="650" ind1=" " ind2="0">
    <subfield code="a">African American prisoners</subfield>
    <subfield code="z">United States.</subfield>
  </datafield>
  <datafield tag="650" ind1=" " ind2="0">
    <subfield code="a">African American men</subfield>
    <subfield code="x">Social conditions.</subfield>
  </datafield>
  <datafield tag="650" ind1=" " ind2="0">
    <subfield code="a">Race discrimination</subfield>
    <subfield code="z">United States.</subfield>
  </datafield>
  <datafield tag="651" ind1=" " ind2="0">
    <subfield code="a">United States</subfield>
    <subfield code="x">Race relations.</subfield>
  </datafield>
  <datafield tag="655" ind1=" " ind2="7">
    <subfield code="a">Electronic books.</subfield>
    <subfield code="2">local</subfield>
  </datafield>
  <datafield tag="856" ind1="4" ind2="0">
    <subfield code="u">https://ebookcentral.proquest.com/lib/templeuniv-ebooks/detail.action?docID=5651869</subfield>
  </datafield>
  <datafield tag="960" ind1=" " ind2=" ">
    <subfield code="k">&lt;web&gt;</subfield>
    <subfield code="g">E_BOOK</subfield>
    <subfield code="l">web</subfield>
    <subfield code="o">1</subfield>
    <subfield code="q">081920</subfield>
    <subfield code="s">37.98</subfield>
    <subfield code="u">1arsf</subfield>
    <subfield code="v">coutt</subfield>
  </datafield>
  <datafield tag="961" ind1=" " ind2=" ">
    <subfield code="f">acqrat</subfield>
    <subfield code="h">Want to upgrade to unlimited accessEBCUA</subfield>
    <subfield code="i">57361875</subfield>
  </datafield>
  <datafield tag="979" ind1=" " ind2=" ">
    <subfield code="a">EBC5651869</subfield>
  </datafield>
  <datafield tag="ADM" ind1=" " ind2=" ">
    <subfield code="b">2020-10-26 09:38:14</subfield>
    <subfield code="e">EBC5651869</subfield>
    <subfield code="d">COUTTS</subfield>
    <subfield code="f">20200102084815.0</subfield>
    <subfield code="a">2020-08-19 19:45:15</subfield>
    <subfield code="c">false</subfield>
  </datafield>
  <datafield tag="PRT" ind1=" " ind2=" ">
    <subfield code="i">61402288210003811</subfield>
    <subfield code="updated">2020-08-24 11:16:32</subfield>
    <subfield code="d">MAIN</subfield>
    <subfield code="c">Ebook Central</subfield>
    <subfield code="created">2020-08-19 19:46:02</subfield>
    <subfield code="j">62402288200003811</subfield>
    <subfield code="a">53529871310003811</subfield>
    <subfield code="b">https://sandbox01-na.alma.exlibrisgroup.com/view/uresolver/01TULI_INST/openurl?u.ignore_date_coverage=true&amp;rft.mms_id=991037714620603811</subfield>
    <subfield code="9">Available</subfield>
    <subfield code="8">53529871310003811</subfield>
  </datafield>
</record>