
<record>
  <leader>01666nam  2200517 a 4500</leader>
  <controlfield tag="006">m     o  d |      </controlfield>
  <controlfield tag="007">cr cn|||||||||</controlfield>
  <controlfield tag="008">011003s2002    inu     ob    000 0 eng d</controlfield>
  <controlfield tag="005">20200825154025.0</controlfield>
  <controlfield tag="001">991037714871703811</controlfield>
  <datafield tag="010" ind1=" " ind2=" ">
    <subfield code="z">  2001051571</subfield>
  </datafield>
  <datafield tag="020" ind1=" " ind2=" ">
    <subfield code="a">0872205894 (pbk.)</subfield>
  </datafield>
  <datafield tag="020" ind1=" " ind2=" ">
    <subfield code="a">0872205908</subfield>
  </datafield>
  <datafield tag="020" ind1=" " ind2=" ">
    <subfield code="a">9780872205895</subfield>
  </datafield>
  <datafield tag="020" ind1=" " ind2=" ">
    <subfield code="a">9781603846936 (Proquest Ebook Central)</subfield>
  </datafield>
  <datafield tag="020" ind1=" " ind2=" ">
    <subfield code="a">160384693X</subfield>
  </datafield>
  <datafield tag="020" ind1=" " ind2=" ">
    <subfield code="a">9781603846936</subfield>
  </datafield>
  <datafield tag="035" ind1=" " ind2=" ">
    <subfield code="a">(MiAaPQ)EBC775227</subfield>
  </datafield>
  <datafield tag="035" ind1=" " ind2=" ">
    <subfield code="a">(OCoLC)755414285</subfield>
  </datafield>
  <datafield tag="035" ind1=" " ind2=" ">
    <subfield code="a">(CaONFJC)EBC775227</subfield>
  </datafield>
  <datafield tag="037" ind1=" " ind2=" ">
    <subfield code="a">775227</subfield>
    <subfield code="b">Proquest Ebook Central</subfield>
  </datafield>
  <datafield tag="040" ind1=" " ind2=" ">
    <subfield code="a">CaONFJC</subfield>
    <subfield code="c">CaONFJC</subfield>
  </datafield>
  <datafield tag="041" ind1="1" ind2=" ">
    <subfield code="a">eng</subfield>
    <subfield code="h">grc</subfield>
  </datafield>
  <datafield tag="050" ind1=" " ind2="4">
    <subfield code="a">B312.E5</subfield>
    <subfield code="b">T75 2002</subfield>
  </datafield>
  <datafield tag="082" ind1="0" ind2="4">
    <subfield code="a">183.2</subfield>
    <subfield code="a">183'.2--dc21</subfield>
  </datafield>
  <datafield tag="245" ind1="0" ind2="4">
    <subfield code="a">The trials of Socrates</subfield>
    <subfield code="h">[electronic resource] :</subfield>
    <subfield code="b">six classic texts /</subfield>
    <subfield code="c">edited by C.D.C. Reeve.</subfield>
  </datafield>
  <datafield tag="260" ind1=" " ind2=" ">
    <subfield code="a">Indianapolis :</subfield>
    <subfield code="b">Hackett Pub. Co.,</subfield>
    <subfield code="c">c2002.</subfield>
  </datafield>
  <datafield tag="300" ind1=" " ind2=" ">
    <subfield code="a">x, 186 p.</subfield>
  </datafield>
  <datafield tag="336" ind1=" " ind2=" ">
    <subfield code="a">text</subfield>
    <subfield code="b">txt</subfield>
    <subfield code="2">rdacontent</subfield>
  </datafield>
  <datafield tag="337" ind1=" " ind2=" ">
    <subfield code="a">computer</subfield>
    <subfield code="b">c</subfield>
    <subfield code="2">rdamedia</subfield>
  </datafield>
  <datafield tag="338" ind1=" " ind2=" ">
    <subfield code="a">online resource</subfield>
    <subfield code="b">cr</subfield>
    <subfield code="2">rdacarrier</subfield>
  </datafield>
  <datafield tag="504" ind1=" " ind2=" ">
    <subfield code="a">Includes bibliographical references (p. 185-186).</subfield>
  </datafield>
  <datafield tag="600" ind1="0" ind2="0">
    <subfield code="a">Socrates</subfield>
    <subfield code="v">Trials, litigation, etc.</subfield>
  </datafield>
  <datafield tag="600" ind1="0" ind2="0">
    <subfield code="a">Socrates.</subfield>
  </datafield>
  <datafield tag="650" ind1=" " ind2="0">
    <subfield code="a">Philosophers.</subfield>
  </datafield>
  <datafield tag="700" ind1="0" ind2=" ">
    <subfield code="a">Aristophanes.</subfield>
  </datafield>
  <datafield tag="700" ind1="0" ind2=" ">
    <subfield code="a">Plato.</subfield>
  </datafield>
  <datafield tag="700" ind1="0" ind2=" ">
    <subfield code="a">Xenophon.</subfield>
  </datafield>
  <datafield tag="700" ind1="1" ind2=" ">
    <subfield code="a">Doyle, James.</subfield>
  </datafield>
  <datafield tag="700" ind1="1" ind2=" ">
    <subfield code="a">Meineck, Peter,</subfield>
    <subfield code="d">1967-</subfield>
  </datafield>
  <datafield tag="700" ind1="1" ind2=" ">
    <subfield code="a">Reeve, C. D. C.,</subfield>
    <subfield code="d">1948-</subfield>
  </datafield>
  <datafield tag="710" ind1="2" ind2=" ">
    <subfield code="a">ProQuest (Firm)</subfield>
  </datafield>
  <datafield tag="856" ind1="4" ind2="0">
    <subfield code="u">https://ebookcentral.proquest.com/lib/templeuniv-ebooks/detail.action?docID=775227</subfield>
  </datafield>
  <datafield tag="960" ind1=" " ind2=" ">
    <subfield code="k">&lt;web&gt;</subfield>
    <subfield code="g">E_BOOK</subfield>
    <subfield code="l">web</subfield>
    <subfield code="o">1</subfield>
    <subfield code="q">082020</subfield>
    <subfield code="s">42.00</subfield>
    <subfield code="u">1ADCF</subfield>
    <subfield code="v">coutt</subfield>
  </datafield>
  <datafield tag="961" ind1=" " ind2=" ">
    <subfield code="f">acqrat</subfield>
    <subfield code="h">Allow duplicationEBCNL</subfield>
    <subfield code="i">25553305</subfield>
  </datafield>
  <datafield tag="979" ind1=" " ind2=" ">
    <subfield code="a">EBC775227</subfield>
  </datafield>
  <datafield tag="ADM" ind1=" " ind2=" ">
    <subfield code="b">2020-08-26 08:39:52</subfield>
    <subfield code="e">EBC775227</subfield>
    <subfield code="d">COUTTS</subfield>
    <subfield code="a">2020-08-20 20:01:05</subfield>
    <subfield code="c">false</subfield>
  </datafield>
  <datafield tag="PRT" ind1=" " ind2=" ">
    <subfield code="updated">2020-08-25 18:06:20</subfield>
    <subfield code="i">61402288210003811</subfield>
    <subfield code="d">MAIN</subfield>
    <subfield code="c">Ebook Central</subfield>
    <subfield code="created">2020-08-20 20:01:35</subfield>
    <subfield code="j">62402288200003811</subfield>
    <subfield code="a">53529911290003811</subfield>
    <subfield code="b">https://sandbox01-na.alma.exlibrisgroup.com/view/uresolver/01TULI_INST/openurl?u.ignore_date_coverage=true&amp;rft.mms_id=991037714871703811</subfield>
    <subfield code="9">Available</subfield>
    <subfield code="8">53529911290003811</subfield>
  </datafield>
</record>