
<record>
  <leader>04802cam a2200925Ia 4500</leader>
  <controlfield tag="005">20200901064552.1</controlfield>
  <controlfield tag="006">m     o  d        </controlfield>
  <controlfield tag="007">cr cnu---unuuu</controlfield>
  <controlfield tag="008">070110s2005    enka   fob    001 0 eng d</controlfield>
  <controlfield tag="001">991037717270803811</controlfield>
  <datafield tag="019" ind1=" " ind2=" ">
    <subfield code="a">85794290</subfield>
    <subfield code="a">171137362</subfield>
    <subfield code="a">667038977</subfield>
    <subfield code="a">817922877</subfield>
    <subfield code="a">1051465029</subfield>
    <subfield code="a">1172904430</subfield>
  </datafield>
  <datafield tag="020" ind1=" " ind2=" ">
    <subfield code="a">0511126263</subfield>
    <subfield code="q">(electronic bk.)</subfield>
  </datafield>
  <datafield tag="020" ind1=" " ind2=" ">
    <subfield code="a">9780511126260</subfield>
    <subfield code="q">(electronic bk.)</subfield>
  </datafield>
  <datafield tag="020" ind1=" " ind2=" ">
    <subfield code="a">0511124120</subfield>
    <subfield code="q">(electronic bk. ;</subfield>
    <subfield code="q">Adobe Reader)</subfield>
  </datafield>
  <datafield tag="020" ind1=" " ind2=" ">
    <subfield code="a">9780511124129</subfield>
    <subfield code="q">(electronic bk. ;</subfield>
    <subfield code="q">Adobe Reader)</subfield>
  </datafield>
  <datafield tag="020" ind1=" " ind2=" ">
    <subfield code="a">0511125402</subfield>
  </datafield>
  <datafield tag="020" ind1=" " ind2=" ">
    <subfield code="a">9780511125409</subfield>
  </datafield>
  <datafield tag="020" ind1=" " ind2=" ">
    <subfield code="a">9780511806810</subfield>
    <subfield code="q">(electronic bk.)</subfield>
  </datafield>
  <datafield tag="020" ind1=" " ind2=" ">
    <subfield code="a">0511806817</subfield>
    <subfield code="q">(electronic bk.)</subfield>
  </datafield>
  <datafield tag="020" ind1=" " ind2=" ">
    <subfield code="z">0521829313</subfield>
  </datafield>
  <datafield tag="020" ind1=" " ind2=" ">
    <subfield code="z">9780521829311</subfield>
  </datafield>
  <datafield tag="020" ind1=" " ind2=" ">
    <subfield code="z">0521536200</subfield>
  </datafield>
  <datafield tag="020" ind1=" " ind2=" ">
    <subfield code="z">9780521536202</subfield>
  </datafield>
  <datafield tag="035" ind1=" " ind2=" ">
    <subfield code="a">(OCoLC)77570775</subfield>
    <subfield code="z">(OCoLC)85794290</subfield>
    <subfield code="z">(OCoLC)171137362</subfield>
    <subfield code="z">(OCoLC)667038977</subfield>
    <subfield code="z">(OCoLC)817922877</subfield>
    <subfield code="z">(OCoLC)1051465029</subfield>
    <subfield code="z">(OCoLC)1172904430</subfield>
  </datafield>
  <datafield tag="035" ind1=" " ind2=" ">
    <subfield code="a">(OCoLC)ocm77570775 </subfield>
  </datafield>
  <datafield tag="037" ind1=" " ind2=" ">
    <subfield code="b">OverDrive, Inc.</subfield>
    <subfield code="n">http://www.overdrive.com</subfield>
  </datafield>
  <datafield tag="037" ind1=" " ind2=" ">
    <subfield code="a">18D8B654-7703-49DA-80C5-906BAC5E98D3</subfield>
    <subfield code="b">OverDrive, Inc.</subfield>
    <subfield code="n">http://www.overdrive.com</subfield>
  </datafield>
  <datafield tag="040" ind1=" " ind2=" ">
    <subfield code="a">N$T</subfield>
    <subfield code="b">eng</subfield>
    <subfield code="e">pn</subfield>
    <subfield code="c">N$T</subfield>
    <subfield code="d">YDXCP</subfield>
    <subfield code="d">OCLCG</subfield>
    <subfield code="d">OCLCQ</subfield>
    <subfield code="d">TEFOD</subfield>
    <subfield code="d">IDEBK</subfield>
    <subfield code="d">NRU</subfield>
    <subfield code="d">OCLCQ</subfield>
    <subfield code="d">E7B</subfield>
    <subfield code="d">OCLCQ</subfield>
    <subfield code="d">CAMBR</subfield>
    <subfield code="d">OCLCF</subfield>
    <subfield code="d">OCLCQ</subfield>
    <subfield code="d">DEBSZ</subfield>
    <subfield code="d">TEFOD</subfield>
    <subfield code="d">EBLCP</subfield>
    <subfield code="d">OCLCQ</subfield>
    <subfield code="d">OCLCA</subfield>
    <subfield code="d">OCLCQ</subfield>
    <subfield code="d">HEBIS</subfield>
    <subfield code="d">OCLCO</subfield>
    <subfield code="d">MM9</subfield>
    <subfield code="d">AU@</subfield>
    <subfield code="d">OCLCO</subfield>
    <subfield code="d">OCLCQ</subfield>
    <subfield code="d">OCLCA</subfield>
    <subfield code="d">OCLCQ</subfield>
    <subfield code="d">K6U</subfield>
  </datafield>
  <datafield tag="049" ind1=" " ind2=" ">
    <subfield code="a">TEUU</subfield>
  </datafield>
  <datafield tag="050" ind1=" " ind2="4">
    <subfield code="a">JC423</subfield>
    <subfield code="b">.N484 2005eb</subfield>
  </datafield>
  <datafield tag="082" ind1="0" ind2="4">
    <subfield code="a">320.3</subfield>
    <subfield code="2">22</subfield>
  </datafield>
  <datafield tag="100" ind1="1" ind2=" ">
    <subfield code="a">Newton, Kenneth,</subfield>
    <subfield code="d">1940-</subfield>
  </datafield>
  <datafield tag="245" ind1="1" ind2="0">
    <subfield code="a">Foundations of comparative politics :</subfield>
    <subfield code="b">democracies of the modern world /</subfield>
    <subfield code="c">Ken Newton and Jan W. Van Deth.</subfield>
  </datafield>
  <datafield tag="260" ind1=" " ind2=" ">
    <subfield code="a">Cambridge ;</subfield>
    <subfield code="a">New York :</subfield>
    <subfield code="b">Cambridge University Press,</subfield>
    <subfield code="c">2005.</subfield>
  </datafield>
  <datafield tag="300" ind1=" " ind2=" ">
    <subfield code="a">1 online resource (xxviii, 374 pages) :</subfield>
    <subfield code="b">illustrations</subfield>
  </datafield>
  <datafield tag="336" ind1=" " ind2=" ">
    <subfield code="a">text</subfield>
    <subfield code="b">txt</subfield>
    <subfield code="2">rdacontent</subfield>
  </datafield>
  <datafield tag="337" ind1=" " ind2=" ">
    <subfield code="a">computer</subfield>
    <subfield code="b">c</subfield>
    <subfield code="2">rdamedia</subfield>
  </datafield>
  <datafield tag="338" ind1=" " ind2=" ">
    <subfield code="a">online resource</subfield>
    <subfield code="b">cr</subfield>
    <subfield code="2">rdacarrier</subfield>
  </datafield>
  <datafield tag="490" ind1="1" ind2=" ">
    <subfield code="a">Cambridge textbooks in comparative politics</subfield>
  </datafield>
  <datafield tag="504" ind1=" " ind2=" ">
    <subfield code="a">Includes bibliographical references and indexes.</subfield>
  </datafield>
  <datafield tag="520" ind1=" " ind2=" ">
    <subfield code="a">This authoritative new introductory text covers the key concepts, theories and issues involved in the study of comparative politics. Focusing on democratic government, it covers all important topics in the field. The book includes extensive supporting apparatus, including briefings, fact files, key terms, guides to further reading, and related websites.</subfield>
  </datafield>
  <datafield tag="505" ind1="0" ind2=" ">
    <subfield code="a">Cover; Half-title; Series-title; Title; Copyright; Dedication; Contents; Acknowledgements; Briefings; Fact files; Controversies; Tables; Figures; Abbreviations and acronyms; Key terms and concepts; PART I The state: origins and development; PART II The polity: structures and institutions; PART III Citizens, elites and interest mediation; PART IV Policies and performance; Glossary of key terms; Index of names; Index of subjects.</subfield>
  </datafield>
  <datafield tag="588" ind1="0" ind2=" ">
    <subfield code="a">Print version record.</subfield>
  </datafield>
  <datafield tag="590" ind1=" " ind2=" ">
    <subfield code="a">Cambridge University Press</subfield>
    <subfield code="b">Cambridge eBooks and Partner Presses: All Books</subfield>
  </datafield>
  <datafield tag="590" ind1=" " ind2=" ">
    <subfield code="a">Access is available to the Temple Community through use of a networked computer with a Temple IP address.</subfield>
  </datafield>
  <datafield tag="650" ind1=" " ind2="0">
    <subfield code="a">Democracy.</subfield>
  </datafield>
  <datafield tag="650" ind1=" " ind2="0">
    <subfield code="a">Comparative government.</subfield>
  </datafield>
  <datafield tag="650" ind1=" " ind2="0">
    <subfield code="a">Representative government and representation.</subfield>
  </datafield>
  <datafield tag="650" ind1=" " ind2="7">
    <subfield code="a">Comparative government.</subfield>
    <subfield code="2">fast</subfield>
    <subfield code="0">(OCoLC)fst00871341</subfield>
  </datafield>
  <datafield tag="650" ind1=" " ind2="7">
    <subfield code="a">Democracy.</subfield>
    <subfield code="2">fast</subfield>
    <subfield code="0">(OCoLC)fst00890077</subfield>
  </datafield>
  <datafield tag="650" ind1=" " ind2="7">
    <subfield code="a">Representative government and representation.</subfield>
    <subfield code="2">fast</subfield>
    <subfield code="0">(OCoLC)fst01094941</subfield>
  </datafield>
  <datafield tag="655" ind1=" " ind2="0">
    <subfield code="a">Electronic books.</subfield>
  </datafield>
  <datafield tag="700" ind1="1" ind2=" ">
    <subfield code="a">Deth, Jan W. van.</subfield>
  </datafield>
  <datafield tag="776" ind1="0" ind2="8">
    <subfield code="i">Print version:</subfield>
    <subfield code="a">Newton, Kenneth, 1940-</subfield>
    <subfield code="t">Foundations of comparative politics.</subfield>
    <subfield code="d">Cambridge ; New York : Cambridge University Press, 2005</subfield>
    <subfield code="z">0521829313</subfield>
    <subfield code="z">0521536200</subfield>
    <subfield code="w">(DLC)  2006295416</subfield>
    <subfield code="w">(OCoLC)58555755</subfield>
  </datafield>
  <datafield tag="830" ind1=" " ind2="0">
    <subfield code="a">Cambridge textbooks in comparative politics</subfield>
  </datafield>
  <datafield tag="856" ind1="4" ind2="0">
    <subfield code="u">https://doi.org/10.1017/CBO9780511806810</subfield>
  </datafield>
  <datafield tag="979" ind1=" " ind2=" ">
    <subfield code="a">ocm77570775 </subfield>
  </datafield>
  <datafield tag="ADM" ind1=" " ind2=" ">
    <subfield code="b">2020-09-03 10:17:18</subfield>
    <subfield code="e">ocm77570775</subfield>
    <subfield code="d">OCLC</subfield>
    <subfield code="f">20200901064552.1</subfield>
    <subfield code="a">2020-09-02 12:23:37</subfield>
    <subfield code="c">false</subfield>
  </datafield>
  <datafield tag="PRT" ind1=" " ind2=" ">
    <subfield code="updated">2020-09-02 12:24:24</subfield>
    <subfield code="i">61530087730003811</subfield>
    <subfield code="c">Cambridge Core Ebooks</subfield>
    <subfield code="created">2020-09-02 12:24:21</subfield>
    <subfield code="j">62530087720003811</subfield>
    <subfield code="a">53530949670003811</subfield>
    <subfield code="b">https://sandbox01-na.alma.exlibrisgroup.com/view/uresolver/01TULI_INST/openurl?u.ignore_date_coverage=true&amp;rft.mms_id=991037717270803811</subfield>
    <subfield code="9">Available</subfield>
    <subfield code="8">53530949670003811</subfield>
  </datafield>
</record>
</collection>
